<?xml version="1.0" encoding="UTF-8"?><collection xmlns="http://www.loc.gov/MARC21/slim"><record><leader>00426nam--2200133-i-4500</leader><controlfield tag="001">000041956</controlfield><controlfield tag="002">20161230</controlfield><controlfield tag="005">20161230201043</controlfield><controlfield tag="008">060222s1000------------r-----000-0-eng-d</controlfield><datafield ind1=" " ind2=" " tag="080"><subfield code="a">621.039.7</subfield></datafield><datafield ind1=" " ind2=" " tag="100"><subfield code="a">Smith,David R</subfield></datafield><datafield ind1=" " ind2=" " tag="245"><subfield code="a">Criteria and evaluation for the storage of fissile material in a large and varied reactor research and development program</subfield></datafield><datafield ind1=" " ind2=" " tag="260"><subfield code="a">Los Almos, Univ.Of California. 8 P. + 6 Fig</subfield></datafield><datafield ind1=" " ind2=" " tag="852"><subfield code="a">23737</subfield></datafield></record></collection>